@misc{recsys,
  title = {{Recommendation Systems}},
  howpublished = "\url{http://infolab.stanford.edu/~ullman/mmds/ch9.pdf}"
}

@misc{tfidf,
  title = {{TF-IDF}},
  howpublished = "\url{www.cs.rutgers.edu/~mlittman/courses/ml03/iCML03/papers/ramos.pdf}"
}

@misc{quora,
  title = {{About Quora}},
  howpublished = "\url{https://www.quora.com/about}"
}

@misc{yahoo,
  title = {{Yahoo Answers}},
  howpublished = "\url{http://answers.yahoo.com/}"
}

@misc{stackx,
  title = {{What is Stack Exchange?}},
  howpublished = "\url{http://stackexchange.com/about}"
}

@misc{chacha,
  title = {{About ChaCha}},
  howpublished = "\url{http://about.chacha.com/about/}"
}

@misc{kgb,
  title = {{kgb: about\_us}},
  howpublished = "\url{http://kgb.com/about}"
}

@misc{turk,
  title = {{Amazon Mechanical Turk}},
  howpublished = "\url{https://www.mturk.com/mturk/welcome}"
}

@misc{watson,
  title = {{IBM Research: The DeepQA Research Team}},
  howpublished =
    "\url{http://researcher.ibm.com/researcher/view_project.php?id=2099}"
}

@misc{knowledge,
  title = {{Introducing the Knowledge Graph: things, not string}},
  howpublished =
    "\url{http://googleblog.blogspot.com/2012/05/introducing-knowledge-graph-things-not.html}"
}

@misc{rdf,
  title = {{Resource Description Framework (RDF)}},
  howpublished = "\url{http://www.w3.org/RDF/}"
}

@misc{yahoo_ca,
  title = {{Yahoo Content Analysis API}},
  howpublished = "\url{http://developer.yahoo.com/contentanalysis/}"
}

@misc{freebase,
  title = {{Freebase}},
  howpublished = "\url{http://www.freebase.com/}"
}

@misc{freebase-api,
  title = {{Freebase API: Basic Concepts}},
  howpublished =
    "\url{https://developers.google.com/freebase/guide/basic_concepts}"
}

